<record><leader>00000cas a2200000 a 4500</leader><controlfield tag="001">9906429</controlfield><controlfield tag="008">830914d19311932nyudn ne      0    0eng c</controlfield><datafield ind1=" " ind2=" " tag="010"><subfield code="a">sn 83031605 </subfield></datafield><datafield ind1=" " ind2=" " tag="040"><subfield code="a">NPU</subfield><subfield code="b">eng</subfield><subfield code="c">NPU</subfield><subfield code="d">NYG</subfield><subfield code="d">NPX</subfield><subfield code="d">DLC</subfield><subfield code="d">NYS</subfield><subfield code="d">OCLCQ</subfield><subfield code="d">NYS</subfield><subfield code="d">OCLCQ</subfield><subfield code="d">OCLCF</subfield><subfield code="d">OCLCO</subfield></datafield><datafield ind1="1" ind2=" " tag="029"><subfield code="a">AU@</subfield><subfield code="b">000020277190</subfield></datafield><datafield ind1=" " ind2=" " tag="042"><subfield code="a">pcc</subfield></datafield><datafield ind1=" " ind2=" " tag="043"><subfield code="a">n-us-ny</subfield></datafield><datafield ind1="0" ind2="0" tag="245"><subfield code="a">Ossining evening register.</subfield></datafield><datafield ind1=" " ind2=" " tag="260"><subfield code="a">Ossining, N.Y. :</subfield><subfield code="b">James H. Moran</subfield></datafield><datafield ind1=" " ind2=" " tag="300"><subfield code="a">v. :</subfield><subfield code="b">ill. ;</subfield><subfield code="c">44-57 cm.</subfield></datafield><datafield ind1=" " ind2=" " tag="310"><subfield code="a">Daily (except Sunday &amp; holidays)</subfield></datafield><datafield ind1="0" ind2=" " tag="362"><subfield code="a">Vol. 1, no. 1 (Apr. 24, 1931)-</subfield></datafield><datafield ind1="1" ind2=" " tag="362"><subfield code="a">Ceased with Apr. 30, 1932 issue.</subfield><subfield code="z">Cf. Redway, v. L. Short hist. and bibl. of Ossining newspapers, 1797-1951.</subfield></datafield><datafield ind1=" " ind2=" " tag="500"><subfield code="a">Editor: Edward J. Kelly, &lt;1931&gt;.</subfield></datafield><datafield ind1=" " ind2=" " tag="580"><subfield code="a">Weekly ed.: Democratic register (Ossining, N.Y.).</subfield></datafield><datafield ind1=" " ind2=" " tag="588"><subfield code="a">Description based on: Vol. 1, no. 83 (Aug. 1, 1931).</subfield></datafield><datafield ind1=" " ind2="0" tag="651"><subfield code="a">Ossining (N.Y.)</subfield><subfield code="v">Newspapers.</subfield></datafield><datafield ind1=" " ind2="0" tag="651"><subfield code="a">Westchester County (N.Y.)</subfield><subfield code="v">Newspapers.</subfield></datafield><datafield ind1=" " ind2="7" tag="655"><subfield code="a">Newspapers.</subfield><subfield code="2">fast</subfield><subfield code="0">(OCoLC)fst01423814</subfield></datafield><datafield ind1=" " ind2="7" tag="651"><subfield code="a">New York (State)</subfield><subfield code="z">Ossining.</subfield><subfield code="2">fast</subfield><subfield code="0">(OCoLC)fst01221603</subfield></datafield><datafield ind1=" " ind2="7" tag="651"><subfield code="a">New York (State)</subfield><subfield code="z">Westchester County.</subfield><subfield code="2">fast</subfield><subfield code="0">(OCoLC)fst01202684</subfield></datafield><datafield ind1=" " ind2=" " tag="752"><subfield code="a">United States</subfield><subfield code="b">New York</subfield><subfield code="c">Westchester</subfield><subfield code="d">Ossining.</subfield></datafield><datafield ind1="0" ind2=" " tag="775"><subfield code="t">Democratic register (Ossining, N.Y.)</subfield><subfield code="w">(DLC)sn 83031626</subfield><subfield code="w">(OCoLC)9928321</subfield></datafield><datafield ind1="0" ind2="7" tag="785"><subfield code="t">Citizen sentinel</subfield><subfield code="w">(DLC)sn 98067541</subfield><subfield code="w">(OCoLC)38907044</subfield></datafield><datafield ind1="0" ind2="7" tag="785"><subfield code="t">Citizen sentinel Ossining evening register</subfield><subfield code="w">(DLC)sn 98067540</subfield><subfield code="w">(OCoLC)38907043</subfield></datafield></record>